% ------------------------------------------------------------------------
% Thesis BIBLIOGRAPHY FILE
% ------------------------------------------------------------------------

@ELECTRONIC{HMRC2013,
  author = {HMRC},
  title = {{Capital Gains Tax Rates and Annual Tax-free Allowances}},
  year = {2013},
  url = {http://www.hmrc.gov.uk/rates/cgt.htm},
  organization = {HMRC},
  urldate = {04/06/2013},
}

@ELECTRONIC{HMTR2012,
  author = {HM Treasury},
  title = {{Public Expenditure Statistical Analyses}},
  year = {2012},
  url = {https://www.gov.uk/government/uploads/system/uploads/attachment_data/file/179563/pesa_complete_2012.pdf.pdf},
  organization = {HM Treasury},
  urldate = {25/05/2013},
}

@ELECTRONIC{ONS2010a,
  author = {ONS},
  title = {{International Passenger Survey, 2009}},
  year = {2010},
  url = {http://discover.ukdataservice.ac.uk/catalogue/?sn=6255&type=Data%20catalogue#documentation},
  organization = {Office for National Statistics},
  urldate = {06/06/2013},
}

@ELECTRONIC{ONS2010b,
  author = {ONS},
  title = {{Ownership of UK Quoted Shares}},
  year = {2010},
  url = {http://www.ons.gov.uk/ons/dcp171778_257476.pdf},
  organization = {Office for National Statistics},
  urldate = {04/06/2013},
}

@ELECTRONIC{ONS2011a,
  author = {ONS},
  title = {{Population Estimates for UK, England and Wales, Scotland and Northern Ireland, Population Estimates Timeseries 1971 to Current Year}},
  year = {2010},
  url = {http://www.ons.gov.uk/ons/rel/pop-estimate/population-estimates-for-uk--england-and-wales--scotland-and-northern-ireland/population-estimates-timeseries-1971-to-current-year/index.html},
  organization = {Office for National Statistics},
  urldate = {25/05/2013},
}

@ELECTRONIC{ONS2011b,
  author = {HMRC},
  title = {{Regional Gross Disposable Household Income (GDHI) 1995-2009}},
  year = {2013},
  url = {http://www.ons.gov.uk/ons/dcp171778_227345.pdf},
  organization = {Office for National Statistics},
  urldate = {25/05/2013},
}

@ELECTRONIC{ONS2011c,
  author = {HMRC},
  title = {{United Kingdom National Accounts - Blue Book 2011}},
  year = {2013},
  url = {http://www.ons.gov.uk/ons/datasets-and-tables/downloads/xls-download.xls?dataset=bb},
  organization = {Office for National Statistics},
  urldate = {25/05/2013},
}

@ELECTRONIC{ONS2012,
  author = {ONS},
  title = {{Families and Households, 2001 to 2011}},
  year = {2012},
  url = {http://www.ons.gov.uk/ons/dcp171778_251357.pdf},
  organization = {Office for National Statistics},
  urldate = {04/06/2013},
}

@ELECTRONIC{ScotGov2012,
  author = {Scottish Government},
  title = {{Businesses in Scotland 2012}},
  year = {2012},
  url = {http://www.scotland.gov.uk/Resource/0041/00411283.pdf},
  organization = {Scottish Government},
  urldate = {30/05/2013},
}

@ELECTRONIC{ScotGov2013a,
  author = {Scottish Government},
  title = {{Industry by industry matrix at basic prices 1998-2009}},
  year = {2013},
  url = {http://www.scotland.gov.uk/Resource/0042/00423822.xlsx},
  organization = {Scottish Government},
  urldate = {25/05/2013},
}

@ELECTRONIC{ScotGov2013b,
  author = {Scottish Government},
  title = {{Government Expenditure & Revenue Scotland 2011-12}},
  year = {2013},
  url = {http://www.scotland.gov.uk/Resource/0041/00415872.xlsx},
  organization = {Scottish Government},
  urldate = {25/05/2013},
}

@ELECTRONIC{ScotGov2013c,
  author = {Scottish Government},
  title = {{Scottish National Accounts Tables 2012 Q4}},
  year = {2013},
  url = {http://www.scotland.gov.uk/Resource/0042/00423120.xls},
  organization = {Scottish Government},
  urldate = {06/06/2013},
}


% ------------------------------------------------------------------------
